<record><leader>00000cas a22000007a 4500</leader><controlfield tag="001">17941750</controlfield><controlfield tag="008">880512d19211937ohudn ne      0    0eng d</controlfield><datafield ind1=" " ind2=" " tag="010"><subfield code="a">sn 88077506 </subfield></datafield><datafield ind1=" " ind2=" " tag="040"><subfield code="a">ONP</subfield><subfield code="b">eng</subfield><subfield code="c">ONP</subfield><subfield code="d">OCLCQ</subfield></datafield><datafield ind1=" " ind2=" " tag="042"><subfield code="a">msc</subfield></datafield><datafield ind1="0" ind2="0" tag="245"><subfield code="a">Washington C.H. herald.</subfield></datafield><datafield ind1="3" ind2="0" tag="246"><subfield code="a">Washington Court House herald</subfield></datafield><datafield ind1=" " ind2=" " tag="260"><subfield code="a">Washington C.H., Ohio :</subfield><subfield code="b">Herald Pub. Co.,</subfield><subfield code="c">1921-1937.</subfield></datafield><datafield ind1=" " ind2=" " tag="310"><subfield code="a">Daily (except Sun.)</subfield></datafield><datafield ind1="0" ind2=" " tag="362"><subfield code="a">Vol. 36, no. 84 (Apr. 9, 1921)-v. 48, no. 26 (Feb. 2, 1937).</subfield></datafield><datafield ind1=" " ind2=" " tag="500"><subfield code="a">Published in morning and evening editions.</subfield></datafield><datafield ind1=" " ind2=" " tag="752"><subfield code="a">United States</subfield><subfield code="b">Ohio</subfield><subfield code="c">Fayette</subfield><subfield code="d">Washington Court House.</subfield></datafield><datafield ind1="0" ind2="0" tag="780"><subfield code="t">Washington herald (Washington Court House, Ohio : 1885)</subfield><subfield code="w">(DLC)sn 88077505</subfield></datafield><datafield ind1="0" ind2="7" tag="785"><subfield code="t">Record-Republican</subfield><subfield code="w">(DLC)sn 85038132</subfield></datafield><datafield ind1="0" ind2="7" tag="785"><subfield code="t">Washington C.H. record-herald</subfield><subfield code="w">(DLC)sn 88077507</subfield></datafield></record>